@inproceedings{1467495,
  author    = {Fiala, M.},
  booktitle = {2005 IEEE Computer Society Conference on Computer Vision and Pattern Recognition (CVPR'05)},
  title     = {ARTag, a fiducial marker system using digital techniques},
  year      = {2005},
  volume    = {2},
  number    = {},
  pages     = {590-596 vol. 2},
  keywords  = {Robustness;Forward error correction;Digital cameras;Detection algorithms;Augmented reality;Robotics and automation;Navigation;Robot vision systems;Codes;Joining processes},
  doi       = {10.1109/CVPR.2005.74}
}

@article{9376657,
  author  = {Kundrat, Dennis and Dagnino, Giulio and Kwok, Trevor M. Y. and Abdelaziz, Mohamed E. M. K. and Chi, Wenqiang and Nguyen, Anh and Riga, Celia and Yang, Guang-Zhong},
  journal = {IEEE Transactions on Biomedical Engineering},
  title   = {An MR-Safe Endovascular Robotic Platform: Design, Control, and Ex-Vivo Evaluation},
  year    = {2021},
  volume  = {68},
  number  = {10},
  pages   = {3110-3121},
  doi     = {10.1109/TBME.2021.3065146}
}

@article{Avils2016ADA,
  title   = {A Deep-Neuro-Fuzzy approach for estimating the interaction forces in Robotic surgery},
  author  = {Angelica I. Avil{\'e}s and Samar M. Alsaleh and Eduard Montseny and Pilar Sobrevilla and Al{\'i}cia Casals},
  journal = {2016 IEEE International Conference on Fuzzy Systems (FUZZ-IEEE)},
  year    = {2016},
  pages   = {1113-1119},
  url     = {https://api.semanticscholar.org/CorpusID:20630054}
}

@article{Chi2020CollaborativeRE,
  title   = {Collaborative Robot-Assisted Endovascular Catheterization with Generative Adversarial Imitation Learning},
  author  = {Wenqiang Chi and Giulio Dagnino and Trevor M. Y. Kwok and Anh Nguyen and Dennis Kundrat and Mohamed E. M. K. Abdelaziz and Celia V. Riga and Colin D. Bicknell and Guang-Zhong Yang},
  journal = {2020 IEEE International Conference on Robotics and Automation (ICRA)},
  year    = {2020},
  pages   = {2414-2420},
  url     = {https://api.semanticscholar.org/CorpusID:221845808}
}

@article{control,
  title   = {Continuous control with deep reinforcement learning},
  author  = {Timothy P. Lillicrap and Jonathan J. Hunt and Alexander Pritzel and Nicolas Manfred Otto Heess and Tom Erez and Yuval Tassa and David Silver and Daan Wierstra},
  journal = {CoRR},
  year    = {2015},
  volume  = {abs/1509.02971},
  url     = {https://api.semanticscholar.org/CorpusID:16326763}
}

@article{Dupont2021ADR,
  title   = {A decade retrospective of medical robotics research from 2010 to 2020},
  author  = {Pierre E. Dupont and Bradley J. Nelson and Michael Goldfarb and Blake Hannaford and Arianna Menciassi and Marcia Kilchenman O'Malley and Nabil Simaan and Pietro Valdastri and Guang-Zhong Yang},
  journal = {Science Robotics},
  year    = {2021},
  volume  = {6},
  url     = {https://api.semanticscholar.org/CorpusID:243988461}
}


@article{Gsaxner2022TheHI,
  title   = {The HoloLens in Medicine: A systematic Review and Taxonomy},
  author  = {Christina Gsaxner and Jianning Li and Antonio Pepe and Yuan Jin and Jens Kleesiek and Dieter Schmalstieg and Jan Egger},
  journal = {Medical image analysis},
  year    = {2022},
  volume  = {85},
  pages   = {
             102757
             },
  url     = {https://api.semanticscholar.org/CorpusID:252110720}
}

@misc{jianu2022cathsim,
  title         = {CathSim: An Open-source Simulator for Endovascular Intervention},
  author        = {Tudor Jianu and Baoru Huang and Mohamed E. M. K. Abdelaziz and Minh Nhat Vu and Sebastiano Fichera and Chun-Yi Lee and Pierre Berthet-Rayne and Ferdinando Rodriguez y Baena and Anh Nguyen},
  year          = {2022},
  eprint        = {2208.01455},
  archiveprefix = {arXiv},
  primaryclass  = {cs.RO}
}

@article{Juliani2018UnityAG,
  title   = {Unity: A General Platform for Intelligent Agents},
  author  = {Arthur Juliani and Vincent-Pierre Berges and Esh Vckay and Yuan Gao and Hunter Henry and Marwan Mattar and Danny Lange},
  journal = {ArXiv},
  year    = {2018},
  volume  = {abs/1809.02627},
  url     = {https://api.semanticscholar.org/CorpusID:52185833}
}

@article{Kundrat2021AnME,
  title   = {An MR-Safe Endovascular Robotic Platform: Design, Control, and Ex-Vivo Evaluation},
  author  = {Dennis Kundrat and Giulio Dagnino and Trevor M. Y. Kwok and Mohamed E. M. K. Abdelaziz and Wenqiang Chi and Anh Nguyen and Celia V. Riga and Guang-Zhong Yang},
  journal = {IEEE Transactions on Biomedical Engineering},
  year    = {2021},
  volume  = {68},
  pages   = {3110-3121},
  url     = {https://api.semanticscholar.org/CorpusID:232206795}
}

@article{Kweon2021DeepRL,
  title   = {Deep reinforcement learning for guidewire navigation in coronary artery phantom},
  author  = {Jihoon Kweon and Kyunghwan Kim and Chaehyuk Lee and Hwi Kwon and Jinwoo Park and Kyoseok Song and Young In Kim and Jeeone Park and Inwook Back and Jae-Hyung Roh and Youngjin Moon and Jaesoon Choi and Young-Hak Kim},
  journal = {IEEE Access},
  year    = {2021},
  volume  = {PP},
  pages   = {1-1},
  url     = {https://api.semanticscholar.org/CorpusID:238354218}
}


@article{Li2022AnEC,
  title   = {An Endovascular Catheterization Robotic System Using Collaborative Operation with Magnetically Controlled Haptic Force Feedback},
  author  = {Xinming Li and Shuxiang Guo and Peng Shi and Xiaoliang Jin and Masahiko Kawanishi},
  journal = {Micromachines},
  year    = {2022},
  volume  = {13},
  url     = {https://api.semanticscholar.org/CorpusID:247827780}
}

@article{Liu2020AWA,
  title   = {A Wearable Augmented Reality Navigation System for Surgical Telementoring Based on Microsoft HoloLens},
  author  = {Peng Liu and Chenmeng Li and Changlin Xiao and Zeshu Zhang and Junqi Ma and Jian Gao and Pengfei Shao and Ian Valerio and Timothy M. Pawlik and Chengbiao Ding and Alper Yilmaz and Ronald X. Xu},
  journal = {Annals of Biomedical Engineering},
  year    = {2020},
  volume  = {49},
  pages   = {287 - 298},
  url     = {https://api.semanticscholar.org/CorpusID:219328694}
}

@article{Marbn2018EstimationOI,
  title   = {Estimation of Interaction Forces in Robotic Surgery using a Semi-Supervised Deep Neural Network Model},
  author  = {Arturo Marb{\'a}n and Vignesh Srinivasan and Wojciech Samek and Josep Fern{\'a}ndez and Al{\'i}cia Casals},
  journal = {2018 IEEE/RSJ International Conference on Intelligent Robots and Systems (IROS)},
  year    = {2018},
  pages   = {761-768},
  url     = {https://api.semanticscholar.org/CorpusID:57753517}
}

@article{Mialhe2021FeasibilityOT,
  title   = {Feasibility of the application of holographic augmented reality in endovascular surgery using Microsoft HoloLens head-mounted display.},
  author  = {Claude Mialhe and Arindam Chaudhuri and Juliette Raffort and Fabien Lareyre},
  journal = {Annals of vascular surgery},
  year    = {2021},
  url     = {https://api.semanticscholar.org/CorpusID:235675708}
}

@misc{Microsoft2023CSharp,
  author       = {Microsoft},
  title        = {C# documentation - C# Guide},
  year         = {2023},
  howpublished = {\url{https://learn.microsoft.com/en-us/dotnet/csharp/}},
  note         = {Accessed: 2023-11-02}
}

@misc{Microsoft2023HoloLens,
  author       = {Microsoft},
  title        = {HoloLens Emulator Archive},
  howpublished = {\url{https://learn.microsoft.com/en-us/windows/mixed-reality/develop/advanced-concepts/hololens-emulator-archive}},
  note         = {Accessed: 2023-11-03},
  year         = {2023}
}

@inproceedings{mujoco,
  author    = {Todorov, Emanuel and Erez, Tom and Tassa, Yuval},
  booktitle = {2012 IEEE/RSJ International Conference on Intelligent Robots and Systems},
  title     = {MuJoCo: A physics engine for model-based control},
  year      = {2012},
  volume    = {},
  number    = {},
  pages     = {5026-5033},
  doi       = {10.1109/IROS.2012.6386109}
}


@article{opencv_library,
  author               = {Bradski, G.},
  citeulike-article-id = {2236121},
  journal              = {Dr. Dobb's Journal of Software Tools},
  keywords             = {bibtex-import},
  posted-at            = {2008-01-15 19:21:54},
  priority             = {4},
  title                = {{The OpenCV Library}},
  year                 = {2000}
}


@article{Palumbo2022MicrosoftH2,
  title   = {Microsoft HoloLens 2 in Medical and Healthcare Context: State of the Art and Future Prospects},
  author  = {Arrigo Palumbo},
  journal = {Sensors (Basel, Switzerland)},
  year    = {2022},
  volume  = {22},
  url     = {https://api.semanticscholar.org/CorpusID:252891043}
}

@misc{PythonOfficialSite,
  title = {Welcome to Python.org},
  year  = {2023},
  url   = {https://www.python.org/},
  note  = {Accessed: 2023-11-02}
}


@misc{QtWebsite,
  author = {{The Qt Company}},
  title  = {Qt - Cross-platform software development for embedded and desktop},
  year   = {2024},
  url    = {https://www.qt.io},
  note   = {[Online; accessed 29-April-2024]}
}

@misc{Quest,
  author       = {{Meta Quest}},
  title        = {Meta Quest Development - Unity Documentation},
  year         = {2023},
  howpublished = {\url{https://developer.oculus.com/documentation/unity/}},
  note         = {Accessed: 2023-11-02}
}

@article{Ranne2023AiAReSegCD,
  title   = {AiAReSeg: Catheter Detection and Segmentation in Interventional Ultrasound using Transformers},
  author  = {Alex Ranne and Yordanka Velikova and Nassir Navab and Ferdinando Rodriguez y Baena},
  journal = {ArXiv},
  year    = {2023},
  volume  = {abs/2309.14492},
  url     = {https://api.semanticscholar.org/CorpusID:262826706}
}

@inproceedings{Thabit2022EvaluationOM,
  title     = {Evaluation of marker tracking using mono and stereo vision in Microsoft HoloLens for surgical navigation},
  author    = {Abdullah Thabit and Wiro. J. Niessen and Eppo B. Wolvius and Theo van Walsum},
  booktitle = {Medical Imaging},
  year      = {2022},
  url       = {https://api.semanticscholar.org/CorpusID:247914326}
}
@article{Thompson_SciKit-Surgery_Compact_Libraries_2020,
  author  = {Thompson, Stephen and Dowrick, Thomas and Ahmad, Mian and Xiao, Guofang and Koo, Bongjin and Bonmati, Ester and Kahl, Kim and Clarkson, Matthew},
  doi     = {10.1007/s11548-020-02180-5},
  journal = {International journal of computer assisted radiology and surgery},
  number  = {7},
  pages   = {1075--1084},
  title   = {{SciKit-Surgery: Compact Libraries for Surgical Navigation}},
  volume  = {15},
  year    = {2020}
}

@misc{UoL_COMP390_2023-24,
  author = {{University of Liverpool}},
  title  = {COMP390 Honours Year Project 2023-24 Ethical Guidance},
  year   = {2023},
  url    = {https://student.csc.liv.ac.uk/internal/modules/comp390/2023-24/ethics.php},
  note   = {Accessed: 2023-11-03}
}

@article{Venkatesan2021VirtualAA,
  title   = {Virtual and augmented reality for biomedical applications},
  author  = {Mythreye Venkatesan and H.S. Mohan and Justin Ryan and Christian M. Sch{\"u}rch and Garry P. Nolan and David H. Frakes and Ahmet Faruk Coşkun},
  journal = {Cell Reports Medicine},
  year    = {2021},
  volume  = {2},
  url     = {https://api.semanticscholar.org/CorpusID:236636296}
}

@inproceedings{VRLiver,
  author    = {Chheang, Vuthea and Apilla, Vikram and Saalfeld, Patrick and Boedecker, Christian and Huber, Tobias and Huettl, Florentine and Lang, Hauke and Preim, Bernhard and Hansen, Christian},
  booktitle = {2021 IEEE Conference on Virtual Reality and 3D User Interfaces Abstracts and Workshops (VRW)},
  title     = {Collaborative VR for Liver Surgery Planning using Wearable Data Gloves: An Interactive Demonstration},
  year      = {2021},
  volume    = {},
  number    = {},
  pages     = {768-768},
  doi       = {10.1109/VRW52623.2021.00268}
}

@article{Wu2020EstimationOT,
  title   = {Estimation of Trocar and Tool Interaction Forces on the da Vinci Research Kit with Two-Step Deep Learning},
  author  = {Jie Ying Wu and Nural Yilmaz and Peter Kazanzides and Ugur Tumerdem},
  journal = {ArXiv},
  year    = {2020},
  volume  = {abs/2012.01479},
  url     = {https://api.semanticscholar.org/CorpusID:227255842}
}

  @misc{qt,
    author = "{Wikipedia contributors}",
    title = "Qt (software) --- {Wikipedia}{,} The Free Encyclopedia",
    year = "2024",
    url = "https://en.wikipedia.org/w/index.php?title=Qt_(software)&oldid=1219937369",
    note = "[Online; accessed 29-April-2024]"
  }

   @misc{cv,
    author = "{Wikipedia contributors}",
    title = "OpenCV --- {Wikipedia}{,} The Free Encyclopedia",
    year = "2024",
    url = "https://en.wikipedia.org/w/index.php?title=OpenCV&oldid=1208982530",
    note = "[Online; accessed 29-April-2024]"
  } 

  @online{arucomarkers,
  author = {},
  title = {ArUco Markers},
  year = {2021},
  url = {https://fab.cba.mit.edu/classes/865.21/people/zach/arucomarkers.html},
  urldate = {2024-04-29}
}

@Book{vtkBook,
  author    = "Will Schroeder and Ken Martin and Bill Lorensen",
  title     = "The Visualization Toolkit (4th ed.)",
  publisher = "Kitware",
  year      = "2006",
  isbn      = "978-1-930934-19-1",
}
